[gd_scene load_steps=6 format=2]

[ext_resource path="res://assets/CyberCity/city.png" type="Texture" id=1]
[ext_resource path="res://scripts/Base.cs" type="Script" id=2]
[ext_resource path="res://scenes/Health.tscn" type="PackedScene" id=3]
[ext_resource path="res://scenes/DynamicCollision.tscn" type="PackedScene" id=4]

[sub_resource type="RectangleShape2D" id=1]
extents = Vector2( 64, 64 )

[node name="Base" type="StaticBody2D" groups=["bases", "buildings", "friendly"]]
collision_layer = 4
collision_mask = 15
script = ExtResource( 2 )

[node name="MainCollisionShape" type="CollisionShape2D" parent="."]
shape = SubResource( 1 )

[node name="MobCollision" parent="." instance=ExtResource( 4 )]
collision_layer = 8
collision_mask = 8
CollisionGroup = "mobs"
CollideCallback = "MobCollision"

[node name="PlayerCollision" parent="." instance=ExtResource( 4 )]
collision_layer = 2
collision_mask = 2
CollisionGroup = "players"
CollideCallback = "PlayerCollision"

[node name="RoofTL" type="Sprite" parent="."]
position = Vector2( -32, -48 )
texture = ExtResource( 1 )
region_enabled = true
region_rect = Rect2( 0, 0, 64, 32 )

[node name="RoofTR" type="Sprite" parent="."]
position = Vector2( 32, -48 )
texture = ExtResource( 1 )
region_enabled = true
region_rect = Rect2( 192, 0, 64, 32 )

[node name="RoofBL" type="Sprite" parent="."]
position = Vector2( -32, -16 )
texture = ExtResource( 1 )
region_enabled = true
region_rect = Rect2( 0, 96, 64, 32 )

[node name="RoofBR" type="Sprite" parent="."]
position = Vector2( 32, -16 )
texture = ExtResource( 1 )
region_enabled = true
region_rect = Rect2( 192, 96, 64, 32 )

[node name="WallL" type="Sprite" parent="."]
position = Vector2( -32, 32 )
texture = ExtResource( 1 )
region_enabled = true
region_rect = Rect2( 0, 128, 64, 64 )

[node name="WallR" type="Sprite" parent="."]
position = Vector2( 32, 32 )
texture = ExtResource( 1 )
region_enabled = true
region_rect = Rect2( 0, 128, 64, 64 )

[node name="Health" parent="." instance=ExtResource( 3 )]
anchor_left = 0.0
anchor_top = 0.0
anchor_right = 0.0
anchor_bottom = 0.0
margin_left = -64.0
margin_top = 64.0
margin_right = 64.0
margin_bottom = 75.0
