[gd_scene load_steps=9 format=2]

[ext_resource path="res://scripts/Building.cs" type="Script" id=1]
[ext_resource path="res://sprites/Building.tres" type="SpriteFrames" id=2]
[ext_resource path="res://scenes/Health.tscn" type="PackedScene" id=3]
[ext_resource path="res://scenes/DynamicCollision.tscn" type="PackedScene" id=4]
[ext_resource path="res://scenes/Targeting.tscn" type="PackedScene" id=5]

[sub_resource type="RectangleShape2D" id=6]
extents = Vector2( 32, 32 )

[sub_resource type="StyleBoxFlat" id=2]
bg_color = Color( 0, 0.403922, 0.0431373, 1 )

[sub_resource type="StyleBoxFlat" id=3]
bg_color = Color( 0.141176, 0.141176, 0.141176, 1 )

[node name="Building" type="StaticBody2D" groups=["buildings", "friendly", "non_base_buildings"]]
position = Vector2( -32, -32 )
collision_layer = 4
collision_mask = 15
input_pickable = true
script = ExtResource( 1 )
__meta__ = {
"_edit_group_": true
}

[node name="MainCollisionShape" type="CollisionShape2D" parent="."]
position = Vector2( 32, 32 )
shape = SubResource( 6 )

[node name="MobCollision" parent="." instance=ExtResource( 4 )]
collision_layer = 8
collision_mask = 8
CollisionGroup = "mobs"
CollideCallback = "MobCollision"

[node name="PlayerCollision" parent="." instance=ExtResource( 4 )]
collision_layer = 2
collision_mask = 2
CollisionGroup = "players"
CollideCallback = "PlayerCollision"

[node name="BuildTimer" type="Timer" parent="."]
one_shot = true
autostart = true

[node name="AnimatedSprite" type="AnimatedSprite" parent="."]
frames = ExtResource( 2 )
offset = Vector2( 32, 32 )

[node name="BuildProgress" type="ProgressBar" parent="."]
margin_left = 56.0
margin_top = 64.0
margin_right = 141.0
margin_bottom = 72.0
rect_rotation = -90.0
rect_scale = Vector2( 0.75, 1 )
custom_styles/fg = SubResource( 2 )
custom_styles/bg = SubResource( 3 )
percent_visible = false
__meta__ = {
"_edit_use_anchors_": false
}

[node name="Health" parent="." instance=ExtResource( 3 )]
anchor_left = 0.0
anchor_top = 0.0
anchor_right = 0.0
anchor_bottom = 0.0
margin_left = 0.0
margin_top = 64.0
margin_right = 64.0
margin_bottom = 75.0

[node name="Targeting" parent="." instance=ExtResource( 5 )]

[connection signal="input_event" from="." to="." method="OnBuildingInputEvent"]
[connection signal="timeout" from="BuildTimer" to="." method="OnBuildTimerTimeout"]
