[gd_scene load_steps=11 format=2]

[ext_resource path="res://assets/CyberCity/streetPeople.png" type="Texture" id=1]
[ext_resource path="res://scenes/DynamicCollision.tscn" type="PackedScene" id=2]
[ext_resource path="res://scripts/Shop.cs" type="Script" id=3]
[ext_resource path="res://scenes/Inventory.tscn" type="PackedScene" id=4]
[ext_resource path="res://scenes/libraries/ItemLibrary.tscn" type="PackedScene" id=5]
[ext_resource path="res://scenes/ShopItem.tscn" type="PackedScene" id=6]
[ext_resource path="res://assets/fonts/Xolonium-Regular.ttf" type="DynamicFontData" id=7]

[sub_resource type="RectangleShape2D" id=1]
extents = Vector2( 32, 32 )

[sub_resource type="StyleBoxFlat" id=2]
bg_color = Color( 0.141176, 0.141176, 0.141176, 0.627451 )
corner_radius_top_left = 4
corner_radius_top_right = 4
corner_radius_bottom_right = 4
corner_radius_bottom_left = 4

[sub_resource type="DynamicFont" id=3]
size = 9
extra_spacing_bottom = -2
font_data = ExtResource( 7 )

[node name="Shop" type="StaticBody2D"]
collision_layer = 32
collision_mask = 2
script = ExtResource( 3 )
ShopItem = ExtResource( 6 )

[node name="MainCollisionShape" type="CollisionShape2D" parent="."]
shape = SubResource( 1 )

[node name="PlayerCollision" parent="." instance=ExtResource( 2 )]
collision_layer = 2
collision_mask = 2
CollisionGroup = "players"
BeforeCallback = "PlayerCollisionBefore"
CollideCallback = "PlayerCollision"
AfterCallback = "PlayerCollisionAfter"

[node name="Sprite" type="Sprite" parent="."]
texture = ExtResource( 1 )
region_enabled = true
region_rect = Rect2( 64, 192, 64, 64 )

[node name="Inventory" parent="." instance=ExtResource( 4 )]

[node name="ItemLibrary" parent="." instance=ExtResource( 5 )]

[node name="ShopPanel" type="Panel" parent="."]
visible = false
anchor_left = 0.5
anchor_top = 1.0
anchor_right = 0.5
anchor_bottom = 1.0
margin_left = -168.0
margin_top = -176.0
margin_right = 168.0
margin_bottom = -32.0
custom_styles/panel = SubResource( 2 )
__meta__ = {
"_edit_use_anchors_": false
}

[node name="CredAmount" type="Label" parent="ShopPanel"]
anchor_left = 1.0
anchor_top = 1.0
anchor_right = 1.0
anchor_bottom = 1.0
margin_left = -40.0
margin_top = -22.0
margin_right = -8.0
margin_bottom = -8.0
grow_horizontal = 0
grow_vertical = 0
custom_fonts/font = SubResource( 3 )
text = "Creds"
align = 2
valign = 2
__meta__ = {
"_edit_use_anchors_": false
}

[connection signal="UpdateCred" from="Inventory" to="." method="OnInventoryUpdateCred"]
